<record><leader>00000cas a2200000Ma 4500</leader><controlfield tag="001">191263369</controlfield><controlfield tag="008">841221d18261838ncuwr ne      0    0eng  </controlfield><datafield ind1=" " ind2=" " tag="010"><subfield code="a">sn 84020776 </subfield></datafield><datafield ind1=" " ind2=" " tag="040"><subfield code="a">DLC</subfield><subfield code="b">eng</subfield><subfield code="c">AQM</subfield><subfield code="d">HUV</subfield><subfield code="d">OCLCO</subfield><subfield code="d">OCLCF</subfield></datafield><datafield ind1="0" ind2=" " tag="130"><subfield code="a">North-Carolina journal (Fayetteville, N.C.)</subfield></datafield><datafield ind1="0" ind2="0" tag="245"><subfield code="a">North-Carolina journal.</subfield></datafield><datafield ind1="0" ind2="3" tag="246"><subfield code="a">North Carolina journal</subfield></datafield><datafield ind1=" " ind2=" " tag="260"><subfield code="a">Fayetteville, N.C. :</subfield><subfield code="b">James A. Patterson,</subfield><subfield code="c">1826-1838.</subfield></datafield><datafield ind1=" " ind2=" " tag="300"><subfield code="a">v. ;</subfield><subfield code="c">55 cm.</subfield></datafield><datafield ind1=" " ind2=" " tag="310"><subfield code="a">Weekly</subfield></datafield><datafield ind1="0" ind2=" " tag="362"><subfield code="a">Vol. 1, no. 1 (May 17, 1826)- ; -new ser., v. 8, no. 39 (Nov. 28, 1838).</subfield></datafield><datafield ind1=" " ind2=" " tag="500"><subfield code="a">Publisher: Hybart &amp; Strange, &lt;1835&gt;.</subfield></datafield><datafield ind1=" " ind2="7" tag="655"><subfield code="a">Newspapers.</subfield><subfield code="2">rbgenr</subfield></datafield><datafield ind1=" " ind2="0" tag="651"><subfield code="a">Fayetteville (N.C.)</subfield><subfield code="v">Newspapers.</subfield></datafield><datafield ind1=" " ind2="0" tag="651"><subfield code="a">Cumberland County (N.C.)</subfield><subfield code="v">Newspapers.</subfield></datafield><datafield ind1=" " ind2="7" tag="655"><subfield code="a">Newspapers.</subfield><subfield code="2">fast</subfield><subfield code="0">(OCoLC)fst01423814</subfield></datafield><datafield ind1=" " ind2="7" tag="651"><subfield code="a">North Carolina</subfield><subfield code="z">Cumberland County.</subfield><subfield code="2">fast</subfield><subfield code="0">(OCoLC)fst01212201</subfield></datafield><datafield ind1=" " ind2="7" tag="651"><subfield code="a">North Carolina</subfield><subfield code="z">Fayetteville.</subfield><subfield code="2">fast</subfield><subfield code="0">(OCoLC)fst01204294</subfield></datafield><datafield ind1=" " ind2=" " tag="752"><subfield code="a">United States</subfield><subfield code="b">North Carolina</subfield><subfield code="c">Cumberland</subfield><subfield code="d">Fayetteville.</subfield></datafield></record>